%% This BibTeX bibliography file was created using BibDesk.
%% http://bibdesk.sourceforge.net/

%% Created for Marco Calle at 2017-11-09 14:15:10 -0500 


%% Saved with string encoding Unicode (UTF-8) 



@inproceedings{PMBOK,
	Author = {Project Management Institute},
	Date-Added = {2017-11-09 19:12:03 +0000},
	Date-Modified = {2017-11-09 19:12:14 +0000},
	Organization = {Project Management Institute},
	Title = {Gu{\'\i}a de los Fundamentos Para la Direcci{\'o}n de Proyectos (Gu{\'\i}a del PMBOK{\textregistered})-Quinta Edici{\'o}n (SPANISH).},
	Year = {2013}}

@book{Nassir,
	Author = {Chain, Nassir Sapag},
	Date-Added = {2017-11-09 17:27:55 +0000},
	Date-Modified = {2017-11-09 17:28:15 +0000},
	Publisher = {Pearson Educaci{\'o}n},
	Title = {Proyectos de inversi{\'o}n: formulaci{\'o}n y evaluaci{\'o}n},
	Year = {2007}}

@webpage{Comercio1,
	Author = {Giovany Astudillo},
	Date-Added = {2017-11-09 17:01:53 +0000},
	Date-Modified = {2017-11-09 19:14:51 +0000},
	Keywords = {madera-inauguracion-cuenca-empresas},
	Title = {Un centro tecnol{\'o}gico de la madera se inaugur{\'o} en Cuenca},
	Url = {http://www.elcomercio.com/actualidad/centrotecnologico-madera-inauguracion-cuenca-empresas.html},
	Urldate = {12 de abril 2016}}

@book{kaplan2002,
	Author = {Kaplan, Robert S and Norton, David P and Robert, S Kaplan and David, P Norton},
	Date-Added = {2017-08-05 22:01:04 +0000},
	Date-Modified = {2017-08-05 22:01:27 +0000},
	Publisher = {Gesti{\'o}n 2000,},
	Title = {Cuadro de mando integral: the Balanced Scorecard},
	Year = {2002}}

@article{inec2010,
	Author = {INEC, VI},
	Date-Added = {2017-08-02 01:15:58 +0000},
	Date-Modified = {2017-08-02 01:16:13 +0000},
	Journal = {Censo de Poblaci{\'o}n y Vivienda},
	Title = {Censo de poblaci{\'o}n y vivienda},
	Year = {2010}}

@mastersthesis{pasato,
	Author = {Pasato, Mogrovejo and Fernanda, Marcela and V{\'a}squez Astudillo, Mayra Viviana},
	Date-Added = {2017-08-02 01:14:32 +0000},
	Date-Modified = {2017-08-02 01:14:52 +0000},
	Title = {Caracterizaci{\'o}n y an{\'a}lisis de la cadena de suministros de muebles de madera en Ecuador. Periodo 2015},
	Type = {{B.S.} thesis},
	Year = {2016}}

@article{proecuador2013,
	Author = {Ecuador, Pro},
	Date-Added = {2017-08-02 01:10:33 +0000},
	Date-Modified = {2017-08-02 01:10:50 +0000},
	Journal = {Obtenido de http://www. proecuador. gob. ec/sector1-1},
	Title = {Pro Ecuador: Instituto de promoci{\'o}n de exportaciones e inversiones},
	Year = {2013}}
